% Encoding: UTF-8

@Article{Pearlman_1994,
  author    = {Pearlman, David A.},
  title     = {A Comparison of Alternative Approaches to Free Energy Calculations},
  journal   = {The Journal of Physical Chemistry},
  year      = {1994},
  volume    = {98},
  number    = {5},
  pages     = {1487--1493},
  month     = feb,
  issn      = {1541-5740},
  doi       = {10.1021/j100056a020},
  publisher = {American Chemical Society (ACS)},
}

@Comment{jabref-meta: databaseType:bibtex;}
